
@misc{overleaf_hyperlinks,
	title = {Hyperlinks},
	url = {https://www.overleaf.com/learn/latex/Hyperlinks},
	abstract = {An online LaTeX editor thatâ€™s easy to use. No installation, real-time collaboration, version control, hundreds of LaTeX templates, and more.},
	language = {en},
	urldate = {2023-05-08},
	file = {Snapshot:C\:\\Users\\cstov\\Zotero\\storage\\Z8C6G2QT\\Hyperlinks.html:text/html},
}
