% refs.bib

@book{ECP:2015,
     Author = {Scopatz, Anthony and Huff, Kathryn D.},
     Title = {Effective Computation in Physics},
     Publisher = {O'Reilly Media, Inc.},
     Year = {2015},


