
@misc{record_tornadoes,
	title = {Tornadoes in {Arkansas} since 1950},
	url = {https://data.swtimes.com/tornado-archive/},
	abstract = {This interactive map pinpoints where a cyclone touched down and traces its path of destruction.},
	language = {en},
	urldate = {2023-05-09},
	journal = {Southwest Times Record},
	author = {Record, Southwest Times},
	file = {Snapshot:C\:\\Users\\cstov\\Zotero\\storage\\9572WV29\\tornado-archive.html:text/html},
}
